<?xml version="1.0" encoding="UTF-8"?><record xmlns="http://www.loc.gov/MARC21/slim" xmlns:cinclude="http://apache.org/cocoon/include/1.0" xmlns:zs="http://www.loc.gov/zing/srw/">
  <leader>00499cz  a2200133n  4500</leader>
  <controlfield tag="001">n  85158668 </controlfield>
  <controlfield tag="003">DLC</controlfield>
  <controlfield tag="005">20080709080228.0</controlfield>
  <controlfield tag="008">851220n| acannaabn          |n ana     c</controlfield>
  <datafield tag="010" ind1=" " ind2=" ">
    <subfield code="a">n  85158668 </subfield>
  </datafield>
  <datafield tag="035" ind1=" " ind2=" ">
    <subfield code="a">(OCoLC)oca01463209</subfield>
  </datafield>
  <datafield tag="040" ind1=" " ind2=" ">
    <subfield code="a">DGPO</subfield>
    <subfield code="b">eng</subfield>
    <subfield code="c">DLC</subfield>
    <subfield code="d">DLC</subfield>
    <subfield code="d">OCoLC</subfield>
  </datafield>
  <datafield tag="110" ind1="1" ind2=" ">
    <subfield code="a">United States.</subfield>
    <subfield code="b">Office of Personnel Management.</subfield>
    <subfield code="b">Denver Regional Training Center</subfield>
  </datafield>
  <datafield tag="670" ind1=" " ind2=" ">
    <subfield code="a">Its Schedule and catalog ... 1985:</subfield>
    <subfield code="b">t.p. (Denver Regional Training Center, U.S. Office of Personnel Management, Denver, Colorado)</subfield>
  </datafield>
</record>